<?xml version="1.0" encoding="UTF-8"?><collection xmlns="http://www.loc.gov/MARC21/slim"><record><leader>00540nam--2200181-i-4500</leader><controlfield tag="001">000029563</controlfield><controlfield tag="002">20161230</controlfield><controlfield tag="005">20161230201037</controlfield><controlfield tag="008">060222s1000------------r-----000-0-fre-d</controlfield><datafield ind1=" " ind2=" " tag="040"><subfield code="a">IFIN-HH</subfield></datafield><datafield ind1=" " ind2=" " tag="041"><subfield code="a">fre</subfield></datafield><datafield ind1=" " ind2=" " tag="080"><subfield code="a">539.171.2</subfield></datafield><datafield ind1="1" ind2=" " tag="100"><subfield code="a">Lacoste,  Francois</subfield></datafield><datafield ind1="`" ind2="0" tag="245"><subfield code="a">Etude de la diffusion d`electrons de 150 mev, sur l`oxygene 18.les anneaux de collision electron-positron</subfield><subfield code="b">These</subfield><subfield code="c">Francois lacoste</subfield></datafield><datafield ind1=" " ind2=" " tag="260"><subfield code="a">Paris</subfield><subfield code="b">Universite</subfield><subfield code="c">/F.A.</subfield></datafield><datafield ind1=" " ind2=" " tag="300"><subfield code="a">104P. + 9 FIG</subfield></datafield><datafield ind1=" " ind2=" " tag="852"><subfield code="a">22862</subfield><subfield code="c">539.17</subfield></datafield><datafield ind1=" " ind2=" " tag="CAT"><subfield code="a">Sys</subfield><subfield code="c">20120530</subfield><subfield code="h">145656</subfield></datafield></record></collection>